<?xml version="1.0" encoding="UTF-8"?><record xmlns="http://www.loc.gov/MARC21/slim" xmlns:cinclude="http://apache.org/cocoon/include/1.0" xmlns:zs="http://www.loc.gov/zing/srw/">
  <leader>01099cz  a2200205n  4500</leader>
  <controlfield tag="001">n  85079424 </controlfield>
  <controlfield tag="003">DLC</controlfield>
  <controlfield tag="005">20030417052656.0</controlfield>
  <controlfield tag="008">850429n| acannaabn          |a ana      </controlfield>
  <datafield tag="010" ind1=" " ind2=" ">
    <subfield code="a">n  85079424 </subfield>
  </datafield>
  <datafield tag="035" ind1=" " ind2=" ">
    <subfield code="a">(OCoLC)oca01321157</subfield>
  </datafield>
  <datafield tag="040" ind1=" " ind2=" ">
    <subfield code="a">DLC</subfield>
    <subfield code="c">DLC</subfield>
    <subfield code="d">DLC</subfield>
    <subfield code="d">TxU</subfield>
  </datafield>
  <datafield tag="110" ind1="2" ind2=" ">
    <subfield code="a">Instituto de Ciências Matemáticas de São Carlos (Universidade de São Paulo)</subfield>
  </datafield>
  <datafield tag="410" ind1="2" ind2=" ">
    <subfield code="a">ICMSC-USP</subfield>
  </datafield>
  <datafield tag="410" ind1="2" ind2=" ">
    <subfield code="a">I.C.M.S.C.</subfield>
  </datafield>
  <datafield tag="410" ind1="2" ind2=" ">
    <subfield code="a">ICMSC</subfield>
  </datafield>
  <datafield tag="410" ind1="2" ind2=" ">
    <subfield code="a">Universidade de São Paulo.</subfield>
    <subfield code="b">Instituto de Ciências Matemáticas de São Carlos</subfield>
  </datafield>
  <datafield tag="510" ind1="2" ind2=" ">
    <subfield code="w">b</subfield>
    <subfield code="a">Universidade de São Paulo.</subfield>
    <subfield code="b">Instituto de Ciências Matemáticas e de Computação</subfield>
  </datafield>
  <datafield tag="670" ind1=" " ind2=" ">
    <subfield code="a">Its Produção científica do ICMSC-USP, 1983:</subfield>
    <subfield code="b">t.p. (ICMSC-USP; Universidade de São Paulo, Campus de São Carlos, Instituto de Ciências Matemáticas de São Carlos); cover (I.C.M.S.C.)</subfield>
  </datafield>
  <datafield tag="670" ind1=" " ind2=" ">
    <subfield code="a">USP Instituto de Ciências Matemáticas e de Computação WWW homepage, Apr. 16, 2003:</subfield>
    <subfield code="b">(Instituto de Ciências Matemáticas de São Carlos f. 1971; name changed Mar. 1998 to Instituto de Ciências Matemáticas e de Computação)</subfield>
  </datafield>
</record>